<record><leader>00000cas a22000007a 4500</leader><controlfield tag="001">15650975</controlfield><controlfield tag="008">870508d19871989inuwr ne      0   a0eng d</controlfield><datafield ind1=" " ind2=" " tag="010"><subfield code="a">sn 87056014 </subfield></datafield><datafield ind1=" " ind2=" " tag="040"><subfield code="a">NPI</subfield><subfield code="b">eng</subfield><subfield code="c">NPI</subfield><subfield code="d">NSD</subfield><subfield code="d">NPI</subfield><subfield code="d">NSD</subfield><subfield code="d">OCLCQ</subfield><subfield code="d">IUL</subfield><subfield code="d">OCLCF</subfield></datafield><datafield ind1=" " ind2=" " tag="012"><subfield code="j">0</subfield><subfield code="m">d</subfield></datafield><datafield ind1="1" ind2=" " tag="022"><subfield code="a">0897-1250</subfield><subfield code="l">0897-1250</subfield><subfield code="2">1</subfield></datafield><datafield ind1=" " ind2=" " tag="042"><subfield code="a">msc</subfield><subfield code="a">nsdp</subfield></datafield><datafield ind1=" " ind2=" " tag="043"><subfield code="a">n-us-in</subfield></datafield><datafield ind1="0" ind2=" " tag="130"><subfield code="a">Hendricks County gazette (Danville, Ind. : 1987)</subfield></datafield><datafield ind1=" " ind2="0" tag="222"><subfield code="a">Hendricks County gazette</subfield><subfield code="b">(Danville, Ind. 1987)</subfield></datafield><datafield ind1="0" ind2="0" tag="245"><subfield code="a">Hendricks County gazette.</subfield></datafield><datafield ind1="1" ind2="0" tag="246"><subfield code="a">Hendricks County guide and gazette</subfield></datafield><datafield ind1="1" ind2="7" tag="246"><subfield code="a">Hendricks County guide &amp; gazette</subfield><subfield code="f">&lt;Aug. 25, 1987-&gt;</subfield></datafield><datafield ind1=" " ind2=" " tag="260"><subfield code="a">Danville, Ind. :</subfield><subfield code="b">Mid-State Newspapers, Ind.,</subfield><subfield code="c">1987-1989.</subfield></datafield><datafield ind1=" " ind2=" " tag="300"><subfield code="a">3 v. :</subfield><subfield code="b">ill. ; 59 cm.</subfield></datafield><datafield ind1=" " ind2=" " tag="310"><subfield code="a">Weekly</subfield></datafield><datafield ind1="0" ind2=" " tag="362"><subfield code="a">Vol. 107, no. 11 (Mar. 17, 1987)-v. 109, no. 37 (Sept. 26, 1989).</subfield></datafield><datafield ind1=" " ind2=" " tag="500"><subfield code="a">Place of publication varies: Brownsburg, IN, &lt;Aug. 25, 1987-&gt;</subfield></datafield><datafield ind1=" " ind2="0" tag="651"><subfield code="a">Danville (Ind.)</subfield><subfield code="v">Newspapers.</subfield></datafield><datafield ind1=" " ind2="0" tag="651"><subfield code="a">Brownsburg (Ind.)</subfield><subfield code="v">Newspapers.</subfield></datafield><datafield ind1=" " ind2="0" tag="651"><subfield code="a">Hendricks County (Ind.)</subfield><subfield code="v">Newspapers.</subfield></datafield><datafield ind1=" " ind2="7" tag="655"><subfield code="a">Newspapers.</subfield><subfield code="2">fast</subfield><subfield code="0">(OCoLC)fst01423814</subfield></datafield><datafield ind1=" " ind2="7" tag="651"><subfield code="a">Indiana</subfield><subfield code="z">Brownsburg.</subfield><subfield code="2">fast</subfield><subfield code="0">(OCoLC)fst01237919</subfield></datafield><datafield ind1=" " ind2="7" tag="651"><subfield code="a">Indiana</subfield><subfield code="z">Danville.</subfield><subfield code="2">fast</subfield><subfield code="0">(OCoLC)fst01209731</subfield></datafield><datafield ind1=" " ind2="7" tag="651"><subfield code="a">Indiana</subfield><subfield code="z">Hendricks County.</subfield><subfield code="2">fast</subfield><subfield code="0">(OCoLC)fst01206786</subfield></datafield><datafield ind1=" " ind2=" " tag="752"><subfield code="a">United States</subfield><subfield code="b">Indiana</subfield><subfield code="c">Hendricks</subfield><subfield code="d">Danville.</subfield></datafield><datafield ind1=" " ind2=" " tag="752"><subfield code="a">United States</subfield><subfield code="b">Indiana</subfield><subfield code="c">Hendricks</subfield><subfield code="d">Brownsburg.</subfield></datafield><datafield ind1="0" ind2="0" tag="780"><subfield code="t">Avon-Danville gazette</subfield><subfield code="w">(DLC)sn 86058902</subfield><subfield code="w">(OCoLC)14763819</subfield></datafield><datafield ind1="0" ind2="7" tag="785"><subfield code="t">Hendricks County guide</subfield><subfield code="x">0897-1285</subfield><subfield code="w">(DLC)sn 87056013</subfield><subfield code="w">(OCoLC)15651031</subfield></datafield><datafield ind1="0" ind2="7" tag="785"><subfield code="t">Hendricks County guide-gazette</subfield><subfield code="x">1046-994X</subfield><subfield code="w">(DLC)sn 89099038</subfield><subfield code="w">(OCoLC)20481315</subfield></datafield></record>